<record><leader>00000cas a22000007a 4500</leader><controlfield tag="001">28517086</controlfield><controlfield tag="008">930726d19191922ohumr ne      0    0eng d</controlfield><datafield ind1=" " ind2=" " tag="010"><subfield code="a">sn 93060262 </subfield></datafield><datafield ind1=" " ind2=" " tag="040"><subfield code="a">MQN</subfield><subfield code="b">eng</subfield><subfield code="c">MQN</subfield><subfield code="d">OCLCQ</subfield></datafield><datafield ind1=" " ind2=" " tag="042"><subfield code="a">msc</subfield></datafield><datafield ind1="0" ind2=" " tag="130"><subfield code="a">Good tidings (Ironton, Ohio)</subfield></datafield><datafield ind1="1" ind2="0" tag="245"><subfield code="a">Good tidings.</subfield></datafield><datafield ind1=" " ind2=" " tag="260"><subfield code="a">Ironton, Ohio :</subfield><subfield code="b">J.B. Simons</subfield></datafield><datafield ind1=" " ind2=" " tag="300"><subfield code="a">v.</subfield></datafield><datafield ind1=" " ind2=" " tag="310"><subfield code="a">Monthly</subfield></datafield><datafield ind1="1" ind2=" " tag="362"><subfield code="a">Ceased in 1922.</subfield></datafield><datafield ind1=" " ind2=" " tag="515"><subfield code="a">Volume numbering begins with Vol. 1, no. 6 (Apr. 6, 1920).</subfield></datafield><datafield ind1=" " ind2=" " tag="550"><subfield code="a">Organ of the Pentecostal Church of Christ.</subfield></datafield><datafield ind1=" " ind2=" " tag="588"><subfield code="a">Description based on: Issue for Nov. 1919.</subfield></datafield><datafield ind1="2" ind2="0" tag="610"><subfield code="a">Pentecostal Church of Christ.</subfield></datafield><datafield ind1=" " ind2=" " tag="752"><subfield code="a">United States</subfield><subfield code="b">Ohio</subfield><subfield code="c">Lawrence</subfield><subfield code="d">Ironton.</subfield></datafield><datafield ind1="0" ind2="0" tag="785"><subfield code="t">Gospel messenger (Ironton, Ohio)</subfield><subfield code="w">(DLC)sn 93060261</subfield></datafield></record>